@online{LV,
	title = {LabVIEW},
	author = {National Instruments},
	url = {http://www.ni.com/de-de/shop/labview/labview-details.html},
	urldate = {2018-10-05},
}

